@inproceedings{bryant2022clausal,
  title={Clausal proofs for pseudo-Boolean reasoning},
  author={Bryant, Randal E and Biere, Armin and Heule, Marijn JH},
  booktitle={International Conference on Tools and Algorithms for the Construction and Analysis of Systems},
  pages={443--461},
  year={2022},
  organization={Springer}
}


@article{gocht2022certifying,
  title={Certifying Correctness for Combinatorial Algorithms: by Using Pseudo-Boolean Reasoning},
  author={Gocht, Stephan},
  year={2022}
}

@article{garey1972optimal,
  title={Optimal binary identification procedures},
  author={Garey, Michael R},
  journal={SIAM Journal on Applied Mathematics},
  volume={23},
  number={2},
  pages={173--186},
  year={1972},
  publisher={SIAM}
}

@misc{roussel2012input,
  title={Input/output format and solver requirements for the competitions of pseudo-Boolean solvers},
  author={Roussel, Olivier and Manquinho, Vasco},
  journal={2010-08-05. http://www.cril.univ-artois.fr/PB12/format.pdf},
  year=2012
}
